@ARTICLE{8894364,  author={Weng, Jiasi and Weng, Jian and Zhang, Jilian and Li, Ming and Zhang, Yue and Luo, Weiqi},  journal={IEEE Transactions on Dependable and Secure Computing},   title={DeepChain: Auditable and Privacy-Preserving Deep Learning with Blockchain-Based Incentive},   year={2021},  volume={18},  number={5},  pages={2438-2455},  doi={10.1109/TDSC.2019.2952332}}