@article{holten2006hierarchical,
  title     = {Hierarchical edge bundles: Visualization of adjacency relations in hierarchical data},
  author    = {Holten, Danny},
  journal   = {IEEE Transactions on visualization and computer graphics},
  volume    = {12},
  number    = {5},
  pages     = {741--748},
  year      = {2006},
  publisher = {IEEE}
}

@book{munzner2014visualization,
  title     = {Visualization analysis and design},
  author    = {Munzner, Tamara},
  year      = {2014},
  publisher = {CRC press}
}

@dataset{ebird2020data,
  title  = {{eBird Basic Dataset}},
  author = {{Cornell Lab of Ornithology}},
  year   = {2020},
  note   = {Version: EBD\_relNov-2020}
}
