@article{holten2006hierarchical,
	title        = {Hierarchical edge bundles: Visualization of adjacency relations in hierarchical data},
	author       = {Holten, Danny},
	year         = 2006,
	journal      = {IEEE Transactions on visualization and computer graphics},
	publisher    = {IEEE},
	volume       = 12,
	number       = 5,
	pages        = {741--748}
}
@book{munzner2014visualization,
	title        = {Visualization analysis and design},
	author       = {Munzner, Tamara},
	year         = 2014,
	publisher    = {CRC press}
}
@article{parmesan2007pheno,
	title        = {Influences of species, latitudes and methodologies on estimates of phenological response to global warming},
	author       = {Parmesan, Camille},
	year         = 2007,
	journal      = {Global Change Biology},
	volume       = 13,
	number       = 9,
	pages        = {1860--1872},
	doi          = {https://doi.org/10.1111/j.1365-2486.2007.01404.x},
	url          = {https://onlinelibrary.wiley.com/doi/abs/10.1111/j.1365-2486.2007.01404.x},
	keywords     = {animal, climate change, global warming, insect–plant interactions, latitude, meta-analysis, phenology, plant, temperature, trophic interactions},
	eprint       = {https://onlinelibrary.wiley.com/doi/pdf/10.1111/j.1365-2486.2007.01404.x}
}
@article{miller2008bird,
	title        = {Bird migration times, climate change, and changing population sizes},
	author       = {Miller-Rushing, Abraham J and LLoyd-Evans, Trevor L and Primack, Richard B and Satzinger, Paul},
	year         = 2008,
	journal      = {Global Change Biology},
	publisher    = {Wiley Online Library},
	volume       = 14,
	number       = 9,
	pages        = {1959--1972}
}
@article{jenni2003timing,
	title        = {Timing of autumn bird migration under climate change: advances in long-distance migrants, delays in short-distance migrants},
	author       = {Jenni, Lukas  and Kéry, Marc},
	year         = 2003,
	journal      = {Proceedings of the Royal Society of London. Series B: Biological Sciences},
	volume       = 270,
	number       = 1523,
	pages        = {1467--1471},
	doi          = {10.1098/rspb.2003.2394},
	url          = {https://royalsocietypublishing.org/doi/abs/10.1098/rspb.2003.2394},
	eprint       = {https://royalsocietypublishing.org/doi/pdf/10.1098/rspb.2003.2394}
}
@article{moser2011communicating,
	title        = {Communicating climate change: closing the science-action gap},
	author       = {Moser, Susanne C and Dilling, Lisa},
	year         = 2011,
	journal      = {The Oxford handbook of climate change and society},
	publisher    = {Oxford University Press Oxford},
	pages        = {161--174}
}
@inbook{solomon2007climate,
	title        = {Climate Change 2007: The Physical Science Basis. Working Group I Contribution to the Fourth Assessment Report of the IPCC},
	author       = {Solomon, S and Qin, Dawei and Manning, Martin and Chen, ZeNa and Marquis, Melinda and Avery, K and Tignor, M and Miller, H.},
	year         = 2007,
	month        = {01},
	volume       = 1,
	pages        = {1--100}
}
@inbook{parry2007climate,
	title        = {Climate Change 2007: Impacts, Adaptation and Vulnerability},
	author       = {Parry, ML and Canziani, O and Palutikof, JP and van der Linden, Paul and Hanson, CE},
	year         = 2007,
	month        = {01},
	journal      = {Contribution of Working Group II to the Fourth Assessment Report of the Intergovernmental Panel on Climate Change},
	pages        = {}
}
@article{cotton2003avian,
	title        = {Avian migration phenology and global climate change},
	author       = {Cotton, Peter A},
	year         = 2003,
	journal      = {Proceedings of the National Academy of Sciences},
	publisher    = {National Acad Sciences},
	volume       = 100,
	number       = 21,
	pages        = {12219--12222}
}
@techreport{iso2014geo,
	title        = {Geographic information — {R}eference model — {P}art 1: {F}undamentals},
	author       = {ISO},
	year         = 2014,
	address      = {Geneva, Switzerland},
	number       = {19101-1:2014},
	institution  = {International Organization for Standardization},
	type         = {ISO}
}
@dataset{ebird2020data,
	title        = {{eBird Basic Dataset}},
	author       = {{Cornell Lab of Ornithology}},
	year         = 2020,
	note         = {Version: EBD\_relNov-2020}
}
@article{sullivan2014ebird,
	title        = {The eBird enterprise: an integrated approach to development and application of citizen science},
	author       = {Sullivan, Brian L and Aycrigg, Jocelyn L and Barry, Jessie H and Bonney, Rick E and Bruns, Nicholas and Cooper, Caren B and Damoulas, Theo and Dhondt, Andr{\'e} A and Dietterich, Tom and Farnsworth, Andrew and others},
	year         = 2014,
	journal      = {Biological Conservation},
	publisher    = {Elsevier},
	volume       = 169,
	pages        = {31--40}
}
@book{strimas2020ebird,
	title        = {Best Practices for Using eBird Data. Version 1.0},
	author       = {Strimas-Mackey, Matthew and Hochachka, Wesley M. and Ruiz-Gutierrez, Viviana and Robinson, Orin J. and Miller, Eliot T. and Auer, Tom and Kelling, Steve and Fink, Daniel and Johnston, Alison},
	year         = 2020,
	month        = jan,
	doi          = {10.5281/zenodo.3620739},
	url          = {https://cornelllabofornithology.github.io/ebird-best-practices/},
	note         = {\url{https://cornelllabofornithology.github.io/ebird-best-practices/}}
}
@article{root2003fingerprints,
	title        = {Fingerprints of global warming on wild animals and plants},
	author       = {Root, Terry L and Price, Jeff T and Hall, Kimberly R and Schneider, Stephen H and Rosenzweig, Cynthia and Pounds, J Alan},
	year         = 2003,
	journal      = {Nature},
	publisher    = {Nature Publishing Group},
	volume       = 421,
	number       = 6918,
	pages        = {57--60}
}
@misc{ebird2019taxonomy,
	title        = {The {eBird/Clements} Checklist of Birds of the World: v2019},
	author       = {J. F. Clements and T. S. Schulenberg and M. J. Iliff and S. M. Billerman and T. A. Fredericks and B. L. Sullivan and C. L. Wood},
	year         = 2019,
	url          = {https://www.birds.cornell.edu/clementschecklist/},
	note         = {Downloaded from \url{https://www.birds.cornell.edu/clementschecklist/download/}}
}
@book{turner1989swallow,
	title        = {Swallows \& martins: an identification guide and handbook},
	author       = {Turner, Angela K. and Rose, Chris},
	year         = 1989,
	publisher    = {Houghton Mifflin},
	pages        = {164--169},
	isbn         = {978-0-395-51174-9},
	place        = {Boston}
}
@dataset{gistemp,
	title        = {{GISTEMP}},
	author       = {{NASA}},
	year         = 2020,
	url          = {https://data.giss.nasa.gov/gistemp/},
	note         = {Version: 4}
}
@misc{gistempanomalies,
	title        = {What are temperature anomalies (and why prefer them to absolute temperatures)?},
	author			 = {NASA},
	year         = 2020,
	url          = {https://data.giss.nasa.gov/gistemp/faq/#q101}
}
@book{kraak2020cartography,
  title={Cartography: visualization of geospatial data},
  author={Kraak, Menno-Jan and Ormeling, Ferjan},
  year={2020},
  publisher={CRC Press}
}
@article{dibiase1992animation,
  title={Animation and the role of map design in scientific visualization},
  author={DiBiase, David and MacEachren, Alan M and Krygier, John B and Reeves, Catherine},
  journal={Cartography and geographic information systems},
  volume={19},
  number={4},
  pages={201--214},
  year={1992},
  publisher={Taylor \& Francis}
}
@article{micallef2017scatter,
  title={Towards perceptual optimization of the visual design of scatterplots},
  author={Micallef, Luana and Palmas, Gregorio and Oulasvirta, Antti and Weinkauf, Tino},
  journal={IEEE transactions on visualization and computer graphics},
  volume={23},
  number={6},
  pages={1588--1599},
  year={2017},
  publisher={IEEE}
}
@article{robinson1984fluorescent,
  title={Fluorescent penetrant sensitivity and removability: What the eye can see, a fluorometer can measure},
  author={Robinson, SJ and Schmidt, JT},
  journal={Materials evaluation},
  volume={42},
  number={8},
  pages={1029--1034},
  year={1984}
}
@article{borland2007rainbow,
  title={Rainbow color map (still) considered harmful},
  author={Borland, David and Taylor II, Russell M},
  journal={IEEE Computer Architecture Letters},
  volume={27},
  number={02},
  pages={14--17},
  year={2007},
  publisher={IEEE Computer Society}
}
@inproceedings{rheingans2000task,
  title={Task-based color scale design},
  author={Rheingans, Penny L},
  booktitle={28th AIPR Workshop: 3D Visualization for Data Exploration and Decision Making},
  volume={3905},
  pages={35--43},
  year={2000},
  organization={International Society for Optics and Photonics}
}
@inproceedings{brewer99color,
	author = {Brewer, Cynthia},
	year = {1999},
	month = {08},
	pages = {55--60},
	title = {Color Use Guidelines for Data Representation},
	journal = {Proceedings of the Section on Statistical Graphics}
}
@book{monmonier2010mercator,
  title={Rhumb lines and map wars: A social history of the Mercator projection},
  author={Monmonier, Mark},
  year={2010},
  publisher={University of Chicago Press}
}
@book{kennedy2000projections,
  title={Understanding map projections},
  author={Kennedy, Melita and Kopp, Steve and others},
  year={2000},
  publisher={Esri Redlands, CA}
}
@article{miller1949equi,
  title={An Equi-Rectangular Map Projection},
  author={Miller, Ronald},
  journal={Geography},
  pages={196--201},
  year={1949},
  publisher={JSTOR}
}
@article{harrower2008animation,
  title={The role of map animation in geographic visualization},
  author={Harrower, Mark and Fabrikant, Sara and Dodge, M},
  year={2008},
  publisher={Wiley}
}
@book{peterson1995interactive,
  title={Interactive and animated cartography},
  author={Peterson, Michael P},
  year={1995},
  publisher={Prentice Hall}
}
@techreport{bertin1983semiology,
  title={Semiology of graphics; diagrams networks maps},
  author={Bertin, Jacques},
  year={1983}
}
@book{alerstam1993bird,
  title={Bird migration},
  author={Alerstam, Thomas},
  year={1993},
  publisher={Cambridge University Press}
}
@misc{svelte,
	title={Svelte: cybernetically enhanced web apps},
	year=2021,
	url={https://svelte.dev/}
}
@misc{leaflet,
	title={Leaflet: an open-source {JavaScript} library for mobile-friendly interactive maps},
	year=2021,
	url={https://leafletjs.com/}
}
@article{bostock2011d3,
  title={D$^3$ data-driven documents},
  author={Bostock, Michael and Ogievetsky, Vadim and Heer, Jeffrey},
  journal={IEEE transactions on visualization and computer graphics},
  volume={17},
  number={12},
  pages={2301--2309},
  year={2011},
  publisher={IEEE}
}
@manual{rproject,
  title        = {R: A Language and Environment for Statistical
                  Computing},
  author       = {{R Core Team}},
  organization = {R Foundation for Statistical Computing},
  address      = {Vienna, Austria},
  year         = YEAR,
  url          = {https://www.R-project.org}
}
@article{         harris2020array,
 title         = {Array programming with {NumPy}},
 author        = {Charles R. Harris and K. Jarrod Millman and St{'{e}}fan J.
                 van der Walt and Ralf Gommers and Pauli Virtanen and David
                 Cournapeau and Eric Wieser and Julian Taylor and Sebastian
                 Berg and Nathaniel J. Smith and Robert Kern and Matti Picus
                 and Stephan Hoyer and Marten H. van Kerkwijk and Matthew
                 Brett and Allan Haldane and Jaime Fern{'{a}}ndez del
                 R{'{\i}}o and Mark Wiebe and Pearu Peterson and Pierre
                 G{'{e}}rard-Marchant and Kevin Sheppard and Tyler Reddy and
                 Warren Weckesser and Hameer Abbasi and Christoph Gohlke and
                 Travis E. Oliphant},
 year          = {2020},
 month         = sep,
 journal       = {Nature},
 volume        = {585},
 number        = {7825},
 pages         = {357--362},
 doi           = {10.1038/s41586-020-2649-2},
 publisher     = {Springer Science and Business Media {LLC}},
 url           = {https://doi.org/10.1038/s41586-020-2649-2}
}
@book{rossum1995python,
  title={Python reference manual},
  author={Van Rossum, Guido and Drake Jr, Fred L},
  year={1995},
  publisher={Centrum voor Wiskunde en Informatica Amsterdam}
} 
@article{johnston2019best,
  title={Best practices for making reliable inferences from citizen science data: case study using eBird to estimate species distributions},
  author={Johnston, A and Hochachka, WM and Strimas-Mackey, ME and Gutierrez, V Ruiz and Robinson, OJ and Miller, ET and Auer, T and Kelling, ST and Fink, D},
  journal={BioRxiv},
  pages={574392},
  year={2019},
  publisher={Cold Spring Harbor Laboratory}
}
@article{johnston2020analytical,
  title={Analytical guidelines to increase the value of citizen science data: using eBird data to estimate species occurrence},
  author={Johnston, Alison and Hochachka, Wesley M and Strimas-Mackey, ME and Gutierrez, V Ruiz and Robinson, Orin J and Miller, Eliot T and Auer, Tom and Kelling, Steve T and Fink, Daniel},
  journal={bioRxiv},
  pages={574392},
  year={2020},
  publisher={Cold Spring Harbor Laboratory}
}
