@article{levoy_1988,
  title   = {Display of surfaces from volume data},
  volume  = {8},
  doi     = {10.1109/38.511},
  number  = {3},
  journal = {IEEE Computer Graphics and Applications},
  author  = {Levoy, M.},
  year    = {1988},
  pages   = {29â€“37}
} 